@article{shin2024accelerating,
  title={Accelerating optimal power flow with {GPU}s: {SIMD} abstraction of nonlinear programs and condensed-space interior-point methods},
  author={Shin, Sungho and Anitescu, Mihai and Pacaud, Fran{\c{c}}ois},
  journal={Electric Power Systems Research},
  volume={236},
  pages={110651},
  year={2024},
  publisher={Elsevier}
}

@article{pulsipher2022unifying,
      title = {A unifying modeling abstraction for infinite-dimensional optimization},
      journal = {Computers and Chemical Engineering},
      volume = {156},
      year = {2022},
      issn = {0098-1354},
      doi = {https://doi.org/10.1016/j.compchemeng.2021.107567},
      url = {https://www.sciencedirect.com/science/article/pii/S0098135421003458},
      author = {Joshua L. Pulsipher and Weiqi Zhang and Tyler J. Hongisto and Victor M. Zavala},
}

@article{shin2021graph,
  title={Graph-based modeling and decomposition of energy infrastructures},
  author={Shin, Sungho and Coffrin, Carleton and Sundar, Kaarthik and Zavala, Victor M},
  journal={IFAC-PapersOnLine},
  volume={54},
  number={3},
  pages={693--698},
  year={2021},
  publisher={Elsevier}
}

@software{Montoison_CUDSS_jl_Julia_interface,
author = {Montoison, Alexis},
license = {MIT},
title = {{CUDSS.jl: Julia interface for NVIDIA cuDSS}},
url = {https://github.com/exanauts/CUDSS.jl}
}

@article{Andersson2019,
  author = {Joel A E Andersson and Joris Gillis and Greg Horn and James B Rawlings and Moritz Diehl},
  title = {{CasADi} -- {A} software framework for nonlinear optimization and optimal control},
  journal = {Mathematical Programming Computation},
  volume = {11},
  number = {1},
  pages = {1--36},
  year = {2019},
  publisher = {Springer},
  doi = {10.1007/s12532-018-0139-4}
}

@software{Caillau_OptimalControl_jl_a_Julia,
author = {Caillau, Jean-Baptiste and Cots, Olivier and Gergaud, Joseph and Martinon, Pierre and Sed, Sophia},
doi = {10.5281/zenodo.13336563},
license = {["MIT"]},
title = {{OptimalControl.jl: a Julia package to model and solve optimal control problems with ODE's}},
url = {https://control-toolbox.org/OptimalControl.jl}
}

@article{wachter2006implementation,
  title={On the implementation of an interior-point filter line-search algorithm for large-scale nonlinear programming},
  author={W{\"a}chter, Andreas and Biegler, Lorenz T},
  journal={Mathematical programming},
  volume={106},
  pages={25--57},
  year={2006},
  publisher={Springer}
}

@article{bezanson2017julia,
  title={Julia: A fresh approach to numerical computing},
  author={Bezanson, Jeff and Edelman, Alan and Karpinski, Stefan and Shah, Viral B},
  journal={SIAM review},
  volume={59},
  number={1},
  pages={65--98},
  year={2017},
  publisher={SIAM}
}

@inproceedings{amestoy2000mumps,
  title={MUMPS: a general purpose distributed memory sparse solver},
  author={Amestoy, Patrick R and Duff, Iain S and L’Excellent, Jean-Yves and Koster, Jacko},
  booktitle={International Workshop on Applied Parallel Computing},
  pages={121--130},
  year={2000},
  organization={Springer}
}

@article{schenk2004solving,
  title={Solving unsymmetric sparse systems of linear equations with PARDISO},
  author={Schenk, Olaf and G{\"a}rtner, Klaus},
  journal={Future Generation Computer Systems},
  volume={20},
  number={3},
  pages={475--487},
  year={2004},
  publisher={Elsevier}
}

@article{fowkes2024libhsl,
  title={LibHSL: the ultimate collection for large-scale scien-tific computation},
  author={Fowkes, J and Lister, A and Montoison, A and Orban, D},
  journal={Les Cahiers du GERAD ISSN},
  volume={711},
  pages={2440},
  year={2024}
}

@article{dunning2017jump,
  title={JuMP: A modeling language for mathematical optimization},
  author={Dunning, Iain and Huchette, Joey and Lubin, Miles},
  journal={SIAM review},
  volume={59},
  number={2},
  pages={295--320},
  year={2017},
  publisher={SIAM}
}

@article{fourer1990ampl,
  title={AMPL: A mathematical programming language},
  author={Fourer, Robert and Gay, David M and Kernighan, Brian W},
  journal={Management Science},
  volume={36},
  number={5},
  pages={519--554},
  year={1990}
}

@article{houska2011acado,
  title={ACADO toolkit—An open-source framework for automatic control and dynamic optimization},
  author={Houska, Boris and Ferreau, Hans Joachim and Diehl, Moritz},
  journal={Optimal control applications and methods},
  volume={32},
  number={3},
  pages={298--312},
  year={2011},
  publisher={Wiley Online Library}
}

@inproceedings{mastalli2020crocoddyl,
  title={Crocoddyl: An efficient and versatile framework for multi-contact optimal control},
  author={Mastalli, Carlos and Budhiraja, Rohan and Merkt, Wolfgang and Saurel, Guilhem and Hammoud, Bilal and Naveau, Maximilien and Carpentier, Justin and Righetti, Ludovic and Vijayakumar, Sethu and Mansard, Nicolas},
  booktitle={2020 IEEE International Conference on Robotics and Automation (ICRA)},
  pages={2536--2542},
  year={2020},
  organization={IEEE}
}

@misc{OCS2,
   title = {{OCS2}:  An  open  source  library  for  Optimal  Control  of  Switched Systems},
   note = {[Online]. Available: \url{https://github.com/leggedrobotics/ocs2}},
   author = {Farbod Farshidian and others}
}

@article{pacaud2024gpu,
  title={GPU-accelerated nonlinear model predictive control with ExaModels and MadNLP},
  author={Pacaud, Fran{\c{c}}ois and Shin, Sungho},
  journal={arXiv e-prints},
  pages={arXiv--2403},
  year={2024}
}

@article{byrd2006k,
  title={K nitro: An integrated package for nonlinear optimization},
  author={Byrd, Richard H and Nocedal, Jorge and Waltz, Richard A},
  journal={Large-scale nonlinear optimization},
  pages={35--59},
  year={2006},
  publisher={Springer}
}

@software{Churavy_KernelAbstractions_jl,
author = {Churavy, Valentin},
license = {MIT},
title = {{KernelAbstractions.jl}},
url = {https://github.com/JuliaGPU/KernelAbstractions.jl}
}

% primary paper, detailing the GPU compiler and relevant aspects
@article{besard2018juliagpu,
  author        = {Besard, Tim and Foket, Christophe and De Sutter, Bjorn},
  title         = {Effective Extensible Programming: Unleashing {Julia} on {GPUs}},
  journal       = {IEEE Transactions on Parallel and Distributed Systems},
  year          = {2018},
  doi           = {10.1109/TPDS.2018.2872064},
  ISSN          = {1045-9219},
  archivePrefix = {arXiv},
  eprint        = {1712.03112},
  primaryClass  = {cs.PL},
}

% specific paper on array programming for heterogeneous systems
@article{besard2019prototyping,
  title         = {Rapid software prototyping for heterogeneous and distributed platforms},
  author        = {Besard, Tim and Churavy, Valentin and Edelman, Alan and De Sutter, Bjorn},
  journal       = {Advances in Engineering Software},
  volume        = {132},
  pages         = {29--46},
  year          = {2019},
  publisher     = {Elsevier}
}

@techreport{bondarenko2000cops,
  title={COPS: Large-scale nonlinearly constrained optimization problems},
  author={Bondarenko, Alexander S and Bortz, David M and Mor{\'e}, JJ},
  year={2000},
  institution={Argonne National Lab., IL (US)}
}
